@article{FinPar:TACO,
	Acmid = {2898354},
	Addressopt = {New York, NY, USA},
	Articleno = {18},
	Author = {Andreetta, Christian and B{\'e}got, Vivien and Berthold, Jost and Elsman, Martin and Henglein, Fritz and Henriksen, Troels and Nordfang, Maj-Britt and Oancea, Cosmin E.},
	Doiopt = {10.1145/2898354},
	Issn = {1544-3566},
	Issue_Date = {June 2016},
	Journal = {ACM Trans. Archit. Code Optim.},
	Keywords = {Data-parallel functional language, fission, fusion, strength reduction},
	Month = jun,
	Number = {2},
	Numpages = {27},
	Pages = {18:1--18:27},
	Publisher = {ACM},
	Title = {FinPar: A Parallel Financial Benchmark},
	Urlopt = {http://doi.acm.org/10.1145/2898354},
	Volume = {13},
	Year = {2016}}

@article{0902.2850,
Author = {Craig B. Markwardt},
Title = {Non-linear Least Squares Fitting in IDL with MPFIT},
Year = {2009},
Eprint = {arXiv:0902.2850},
Howpublished = {Proc. ADASS XVIII, ASP Conf. Ser., Vol. 411, eds. D. Bohlender, P.
  Dowler & D. Durand, 2009, p. 251},
}

@Inbook{More1978,
author="Mor{\'e}, Jorge J.",
title="The Levenberg-Marquardt algorithm: Implementation and theory",
bookTitle="Numerical Analysis: Proceedings of the Biennial Conference Held at Dundee, June 28--July 1, 1977",
year="1978",
publisher="Springer Berlin Heidelberg",
address="Berlin, Heidelberg",
pages="105--116",
isbn="978-3-540-35972-2",
doi="10.1007/BFb0067700",
url="http://dx.doi.org/10.1007/BFb0067700"
}

@article{mikhailovheston,
  title={Hestonâ€™s Stochastic Volatility Model Implementation, Calibration and Some Extensions},
  author={Mikhailov, Sergei and N{\"o}gel, Ulrich}
}

@article{blelloch1994implementation,
  title={Implementation of a portable nested data-parallel language},
  author={Blelloch, Guy E and Hardwick, Jonathan C and Sipelstein, Jay and Zagha, Marco and Chatterjee, Siddhartha},
  journal={Journal of parallel and distributed computing},
  volume={21},
  number={1},
  pages={4--14},
  year={1994},
  publisher={Elsevier}
}

@Article{Storn1997,
author="Storn, Rainer
and Price, Kenneth",
title="Differential Evolution -- A Simple and Efficient Heuristic for global Optimization over Continuous Spaces",
journal="Journal of Global Optimization",
year="1997",
volume="11",
number="4",
pages="341--359",
abstract="A new heuristic approach for minimizing possiblynonlinear and non-differentiable continuous spacefunctions is presented. By means of an extensivetestbed it is demonstrated that the new methodconverges faster and with more certainty than manyother acclaimed global optimization methods. The newmethod requires few control variables, is robust, easyto use, and lends itself very well to parallelcomputation.",
issn="1573-2916",
doi="10.1023/A:1008202821328",
url="http://dx.doi.org/10.1023/A:1008202821328"
}

